@Online{Aregbe2024,
  author  = {Aregbe, Ikeoluwa and Farnsworth, Derek and Simnitt, Skyler},
  title   = {Citrus Greening, Hurricanes, and the Decline of the Florida Citrus Industry},
  year    = {2024},
  url     = {https://southernagtoday.org/2024/01/05/citrus-greening-hurricanes-and-the-decline-of-the-florida-citrus-industry/},
  urldate = {2025-10-24},
  note    = {Southern Ag Today},
}

@Online{Bruna2019,
  author  = {Bruna, Jackellyne},
  title   = {9 micronutrientes das plantas: como e quando utilizá-los},
  year    = {2019},
  url     = {https://blog.aegro.com.br/micronutrientes/},
  urldate = {2025-10-24},
  note    = {Blog Aegro, Porto Alegre, RS},
}

@Online{FaveroFilho2022,
  author  = {Fávero Filho, Pedro Luiz},
  title   = {Sazonalidade da concentração de nutrientes no solo, nas folhas e na seiva do xilema do citros},
  year    = {2022},
  url     = {https://www.teses.usp.br/teses/disponiveis/11/11136/tde-10082022-155410/},
  urldate = {2025-10-26},
  note    = {Dissertação (Mestrado em Agronomia) – Escola Superior de Agricultura “Luiz de Queiroz”, Universidade de São Paulo, Piracicaba},
}

@Article{Christin2019,
  author  = {Christin, Sylvain and Hervet, Éric and Lecomte, Nicolas},
  title   = {Applications for deep learning in ecology},
  journal = {Methods in Ecology and Evolution},
  year    = {2019},
  volume  = {10},
  pages   = {1632--1644},
  doi     = {10.1111/2041-210X.13256},
  urldate = {2025-10-26},
}

@Online{Fundecitrus2021,
  author  = {Fundecitrus},
  title   = {Greening},
  year    = {2021},
  url     = {https://www.fundecitrus.com.br/pragas-e-doencas/greening-e-psilideo/},
  urldate = {2025-10-25},
  note    = {Fundecitrus, ciência e sustentabilidade para a citricultura, Araraquara, SP},
}

@Article{Ghorai2021,
  author  = {Ghorai, Ankit Kumar and Barman, Ashis Roy and Mukhopadhyay, Sabyasachi and Jash, Subhendu and Dutta, Subrata and Kundo, S. and Roy, M. De and Mandal, S. N.},
  title   = {Image Processing Based Detection of Diseases and Nutrient Deficiencies in Plants},
  journal = {SATSA Mukhapatra - Annual Technical Issue},
  year    = {2021},
  volume  = {25},
  pages   = {1--25},
  url     = {https://www.researchgate.net/publication/349707825},
  urldate = {2025-10-26},
}

@Online{Machado2022,
  author  = {Machado, Anderson Wolf},
  title   = {Cobre - tudo o que você precisa saber sobre este adubo},
  year    = {2022},
  url     = {https://www.agrolink.com.br/fertilizantes/nutrientes/cobre---tudo-o-que-voce-precisa-saber-sobre-este-adubo_468470.html},
  urldate = {2025-10-24},
  note    = {Agrolink},
}

@Article{Muthusamy2023,
  author  = {Muthusamy, Sudhakar and Ramu, Swarna Priya},
  title   = {Computer Vision Based Machine Learning and Deep Learning Approaches for Identification of Nutrient Deficiency in Crops: A Survey},
  journal = {Nature Environment and Pollution Technology},
  year    = {2023},
  volume  = {22},
  number  = {3},
  pages   = {1387--1399},
  doi     = {10.46488/NEPT.2023.v22i03.025},
}

@Article{Qin2018,
  author  = {Qin, Zhuwei and Yu, Fuxun and Liu, Chenchen and Chen, Xiang},
  title   = {How convolutional neural networks see the world -- A survey of convolutional neural network visualization methods},
  journal = {Mathematical Foundations of Computing},
  year    = {2018},
  volume  = {1},
  number  = {2},
  pages   = {149--180},
  doi     = {10.3934/mfc.2018008},
}

@Article{Tran2019,
  author  = {Tran, Trung-Tin and Choi, Jae-Won and Le, Thien-Tu Huynh and Kim, Jong-Wook},
  title   = {A Comparative Study of Deep CNN in Forecasting and Classifying the Macronutrient Deficiencies on Development of Tomato Plant},
  journal = {Applied Sciences},
  year    = {2019},
  volume  = {9},
  number  = {8},
  articleno = {1601},
  doi     = {10.3390/app9081601},
}





@Comment{jabref-meta: databaseType:biblatex;}
